@misc{moshiten,
    author = "東北大学天文学教室",
    title = "もしも君が杜の都で天文学者になったら2022",
    note = "\url{https://moshiten.studio.site/home}",
    year = "2022"
}

@misc{iraf,
    author = "NOAO",
    title = "IRAF - Image Reduction and Analysis Facility",
    note = "\url{http://ast.noao.edu/data/software}",
    year = "2019"
}

@misc{makali,
    author = "NAOJ",
    title = "すばる画像解析ソフト -Makali'i- 配布サイト",
    note = "\url{https://makalii.mtk.nao.ac.jp}",
    year = "2003"
}

@misc{colab,
    author = "Google",
    title = "Google Colaboratoryへようこそ",
    note = "\url{https://colab.research.google.com}"
}